@misc{pereira2023,
  author = {Pereira, Matheus Valter da Silveira},
  title = {Uma abordagem elementar do fractal árvore pitagórica},
  year = {2023},
  note = {Trabalho de Conclusão de Curso (Licenciatura em Matemática) -- Faculdade de Matemática, Instituto de Ciências Exatas e Naturais, Universidade Federal do Pará, Belém},
  url = {https://repositorio.ufpa.br/jspui/handle/2011/15695},
  howpublished = {Disponível em: \url{https://repositorio.ufpa.br/jspui/handle/2011/15695}. Acesso em: jun. 2025.}
}

@misc{rosslhMandelbrot,
  author = {Ross, Lucas Henrique},
  title = {Mandelbrot.site},
  year = {2023},
  howpublished = {\url{https://github.com/rosslh/Mandelbrot.site}},
  note = {Disponível no GitHub. Acesso em: jun. 2025.}
}


@misc{intel-fractal-code,
  author       = {{Intel Corporation}},
  title        = {Example fractal code modified from Intel's original source},
  year         = {2011},
  note         = {Código modificado fornecido pela Intel, sob licença BSD. Disponível sob termo de licença aberto Intel.},
  howpublished = {Código-fonte},
}

@book{peitgen1986beauty,
  title     = {The Beauty of Fractals: Images of Complex Dynamical Systems},
  author    = {Peitgen, Heinz-Otto and Richter, Peter H.},
  year      = {1986},
  publisher = {Springer-Verlag},
  address   = {Berlin, Heidelberg},
  isbn      = {978-3-540-15851-6},
  doi       = {10.1007/978-3-642-61717-1},
  url       = {https://doi.org/10.1007/978-3-642-61717-1}
}